
@article{Gatys,
 author = {Leon A. Gatys and Alexander S. Echer and Matthias Bethge},
 title = {A Neural Algorithm of Artistic Style},
journal = {CVPR},
 year = 2016
}

@article{Johnson,
 author = {Justin Johnson and Alexandre Alahi and Li Fei-Fei},
 title = {Perceptual Losses for Real-Time Style Transfer and Super-Resolution},
 year = 2016
}

@article{Ulyanov,
 author = {Dmitry Ulyanov and Vadim Lebedev and Andrea Vedaldi and Victor Lempitsky},
 title = {Texture Networks: Feed-forward Synthesis of Textures and Stylized Images},
 year = 2016
}

@article{Ulyanov2,
 author = {Dmitry Ulyanov and Andrea Vedaldi and Victor Lempitsky},
 title = {Instance Normalization: The Missing Ingredient for Fast Stylization},
 year = 2016
}
